@article{Mnih2013PlayingAW,
  title={Playing Atari with Deep Reinforcement Learning},
  author={Volodymyr Mnih and Koray Kavukcuoglu and David Silver and Alex Graves and Ioannis Antonoglou and Daan Wierstra and Martin A. Riedmiller},
  journal={ArXiv},
  year={2013},
  volume={abs/1312.5602}
}

@article{Haarnoja2018SoftAO,
  title={Soft Actor-Critic: Off-Policy Maximum Entropy Deep Reinforcement Learning with a Stochastic Actor},
  author={Tuomas Haarnoja and Aurick Zhou and Pieter Abbeel and Sergey Levine},
  journal={ArXiv},
  year={2018},
  volume={abs/1801.01290}
}

@article{Duan2016BenchmarkingDR,
  title={Benchmarking Deep Reinforcement Learning for Continuous Control},
  author={Yan Duan and Xi Chen and Rein Houthooft and John Schulman and Pieter Abbeel},
  journal={ArXiv},
  year={2016},
  volume={abs/1604.06778}
}

@article{Schulman2017ProximalPO,
  title={Proximal Policy Optimization Algorithms},
  author={John Schulman and Filip Wolski and Prafulla Dhariwal and Alec Radford and Oleg Klimov},
  journal={ArXiv},
  year={2017},
  volume={abs/1707.06347}
}

@article{Williams1992SimpleSG,
  title={Simple Statistical Gradient-Following Algorithms for Connectionist Reinforcement Learning},
  author={Ronald J. Williams},
  journal={Machine Learning},
  year={1992},
  volume={8},
  pages={229-256}
}

@article{Auer2002UsingCB,
  title={Using Confidence Bounds for Exploitation-Exploration Trade-offs},
  author={Peter Auer},
  journal={J. Mach. Learn. Res.},
  year={2002},
  volume={3},
  pages={397-422}
}

@article{Watkins1992Qlearning,
  title={Q-learning},
  author={Chris Watkins and Peter Dayan},
  journal={Machine Learning},
  year={1992},
  volume={8},
  pages={279-292}
}

@inproceedings{Precup2000EligibilityTF,
  title={Eligibility Traces for Off-Policy Policy Evaluation},
  author={Doina Precup and Richard S. Sutton and Satinder P. Singh},
  booktitle={ICML},
  year={2000}
}

@inproceedings{Sutton1999PolicyGM,
  title={Policy Gradient Methods for Reinforcement Learning with Function Approximation},
  author={Richard S. Sutton and David A. McAllester and Satinder P. Singh and Yishay Mansour},
  booktitle={NIPS},
  year={1999}
}

@inproceedings{Silver2014DeterministicPG,
  title={Deterministic Policy Gradient Algorithms},
  author={David Silver and Guy Lever and Nicolas Manfred Otto Heess and Thomas Degris and Daan Wierstra and Martin A. Riedmiller},
  booktitle={ICML},
  year={2014}
}